\begin{thebibliography}{1}

@article{fundation2012software,
  title={Software-defined networking: The new norm for networks},
  author={Fundation, Open Networking},
  journal={ONF White Paper},
  volume={2},
  pages={2--6},
  year={2012}
}


@article{computing2006architectural,
  title={An architectural blueprint for autonomic computing},
  author={Computing, Autonomic and others},
  journal={IBM White Paper},
  volume={31},
  year={2006},
  publisher={Citeseer}
}


@inproceedings{bari2013policycop,
  title={PolicyCop: An autonomic QoS policy enforcement framework for software defined networks},
  author={Bari, Md Faizul and Chowdhury, Shihabur Rahman and Ahmed, Reaz and Boutaba, Raouf},
  booktitle={Future Networks and Services (SDN4FNS), 2013 IEEE SDN For},
  pages={1--7},
  year={2013},
  organization={IEEE}
}


@inproceedings{latre2008design,
  title={Design for a generic knowledge base for autonomic QoE optimization in multimedia access networks},
  author={Latr{\'e}, Steven and Simoens, Pieter and De Vleeschauwer, Bart and Van de Meerssche, Wim and De Turck, Filip and Dhoedt, Bart and Demeester, Piet and Van Den Berghe, Steven and Gilon, Edith},
  booktitle={Network Operations and Management Symposium Workshops, 2008. NOMS Workshops 2008. IEEE},
  pages={335--342},
  year={2008},
  organization={IEEE}
}


@article{pop2016adaptive,
  title={Adaptive scheduling algorithm for media-optimized traffic management in software defined networks},
  author={Pop, Florin and Dobre, Ciprian and Comaneci, Dragos and Kolodziej, Joanna},
  journal={Computing},
  volume={98},
  number={1-2},
  pages={147--168},
  year={2016},
  publisher={Springer}
}


@article{xu2015quality,
  title={Quality of service guaranteed resource management dynamically in software defined network},
  author={Xu, Chenhui and Chen, Bing and Qian, Hongyan},
  journal={Journal of Communications},
  volume={10},
  number={11},
  pages={843--850},
  year={2015}
}


@article{tuncer2015adaptive,
  title={Adaptive resource management and control in software defined networks},
  author={Tuncer, Daphne and Charalambides, Marinos and Clayman, Stuart and Pavlou, George},
  journal={IEEE Transactions on Network and Service Management},
  volume={12},
  number={1},
  pages={18--33},
  year={2015},
  publisher={IEEE}
}


@inproceedings{abhishek2016spartacus,
  title={SPArTaCuS: Service priority adaptiveness for emergency traffic in smart cities using software-defined networking},
  author={Abhishek, Rohit and Zhao, Shuai and Medhi, Deep},
  booktitle={Smart Cities Conference (ISC2), 2016 IEEE International},
  pages={1--4},
  year={2016},
  organization={IEEE}
}


@inproceedings{gomes2014architecture,
  title={An architecture for dynamic resource adjustment in VSDNs based on traffic demand},
  author={Gomes, Rafael L and Bittencourt, Luiz F and Madeira, Edmundo RM and Cerqueira, Eduardo and Gerla, Mario},
  booktitle={Global Communications Conference (GLOBECOM), 2014 IEEE},
  pages={2005--2010},
  year={2014},
  organization={IEEE}
}


@article{mckeown2008openflow,
  title={OpenFlow: enabling innovation in campus networks},
  author={McKeown, Nick and Anderson, Tom and Balakrishnan, Hari and Parulkar, Guru and Peterson, Larry and Rexford, Jennifer and Shenker, Scott and Turner, Jonathan},
  journal={ACM SIGCOMM Computer Communication Review},
  volume={38},
  number={2},
  pages={69--74},
  year={2008},
  publisher={ACM}
}

@article{mckeown2009software,
  title={Software-Defined Networking},
  author={McKeown, Nick},
  journal={INFOCOM keynote talk},
  volume={17},
  number={2},
  pages={30--32},
  year={2009}
}

@inproceedings{adami2015network,
  title={A network control application enabling Software-Defined Quality of Service},
  author={Adami, Davide and Donatini, Lisa and Giordano, Stefano and Pagano, Michele},
  booktitle={IEEE International Conference on Communications (ICC)},
  pages={6074--6079},
  year={2015},
  organization={IEEE}
}

@inproceedings{caba2015apis,
  title={APIs for QoS configuration in Software Defined Networks},
  author={Caba, Cosmin and Soler, Jos{\'e}},
  booktitle={1st IEEE Conference on Network Softwarization (NetSoft)},
  pages={1--5},
  year={2015},
  organization={IEEE}
}

@ONLINE {projectfloodlight2016,
	author = "Project Floodlight",
	title  = "Open Source Software for Building Software-Defined Networks",
	month  = "dec",
	year   = "2016",
	url    = "http://www.projectfloodlight.org/"
}

@ONLINE {onf2016,
	author = "ONF",
	title  = "OpenFlow Management and Configuration Protocol",
	month  = "jan",
	year   = "2017",
	url    = "http://www.opennetworking.org/images/stories/download/sdn-resources/onf-specifications/openflow-config/of-config-1.2.pdf"
}


@ONLINE {rfc70472017,
	author = "RFC-7047",
	title  = "The Open vSwitch Database Management Protocol",
	month  = "jan",
	year   = "2017",
	url    = "https://tools.ietf.org/html/rfc7047"
}

@inproceedings{assuiti2016software,
  title={A Software-Defined Network Configuration Providing Differentiated QoS to an eHealth Environment},
  author={Assuiti, Marcus and Volpato, Felipe and da Silva, Madalena Pereira and Dantas, Mario Ant{\^o}nio Ribeiro},
  booktitle={Proceedings of the International Conference on Parallel and Distributed Processing Techniques and Applications (PDPTA)},
  pages={237},
  year={2016},
  organization={}
}

@INPROCEEDINGS{queuepusher,
author={D. Palma and J. Gon√ßalves and B. Sousa and L. Cordeiro and P. Simoes and S. Sharma and D. Staessens},
booktitle={2014 Third European Workshop on Software Defined Networks},
title={The QueuePusher: Enabling Queue Management in OpenFlow},
year={2014},
pages={125-126},
keywords={queueing theory;software defined networking;telecommunication traffic;Floodlight;OpenFlow controller;OpenFlow switches;QueuePusher;RESTful northbound interface;SDN Controller;hardware-specific configuration;ondemand resource reservation mechanism;queue management;Software-Defined Networking;traffic control queues;Conferences;Control systems;Europe;Protocols;Quality of service;Software;Standards},
doi={10.1109/EWSDN.2014.34},
ISSN={2379-0350},
month={Sept},}

@article{kim2008automated,
  title={Automated and Scalable QoS Control for Network Convergence.},
  author={Kim, Wonho and Sharma, Puneet and Lee, Jeongkeun and Banerjee, Sujata and Tourrilhes, Jean and Lee, Sung-Ju and Yalagandula, Praveen},
  journal={INM/WREN},
  volume={10},
  pages={1--1},
  year={2008}
}

@inproceedings{policycop,
  title={PolicyCop: an autonomic QoS policy enforcement framework for software defined networks},
  author={Bari, M Faizul and Chowdhury, Shubhajit Roy and Ahmed, Rizwan and Boutaba, Raouf},
  booktitle={Future Networks and Services (SDN4FNS), 2013 IEEE SDN for},
  pages={1--7},
  year={2013},
  organization={IEEE}
}

@article{Egilmez,
abstract = {OpenFlow is a Software Defined Networking (SDN) paradigm that decouples control and data forwarding layers of routing. In this paper, we propose OpenQoS, which is a novel OpenFlow controller design for multimedia delivery with end-to-end Quality of Service (QoS) support. Our approach is based on QoS routing where the routes of multimedia traffic are optimized dynamically to fulfill the required QoS. We measure performance of OpenQoS over a real test network and compare it with the performance of the current state-of-the-art, HTTP-based multi-bitrate adaptive streaming. Our experimental results show that OpenQoS can guarantee seamless video delivery with little or no video artifacts experienced by the end-users. Moreover, unlike current QoS architectures, in OpenQoS the guaranteed service is handled without having adverse effects on other types of traffic in the network.},
author = {Egilmez, H.E. and Dane, S.T.},
file = {:home/felipe/Dropbox/Mestrado/Artigos/SDN QoE QoS/2012 - OpenQoS$\backslash$: An OpenFlow Controller Design for Multimedia Delivery with End-to-End Quality of Service over Software-Defined Networks.pdf:pdf},
isbn = {1467348635},
journal = {Signal {\&} Information Processing Association Annual Summit and Conference (APSIPA ASC)},
keywords = {Computer architecture,Delay,HTTP-based multibitrate adaptive streaming,Internet,Multimedia communication,OpenFlow controller design,OpenQoS,QoS routing,Quality of service,Routing,Streaming media,data forwarding layer,end-to-end quality of service support,hypermedia,media streaming,multimedia delivery,multimedia traffic,seamless video delivery,Software-Defined Network,telecommunication network routing,telecommunication traffic,transport protocols},
mendeley-groups = {SURVEY QOS SDN},
pages = {1--8},
title = {{OpenQoS: An OpenFlow controller design for multimedia delivery with end-to-end Quality of Service over Software-Defined Networks}},
url = {http://ieeexplore.ieee.org/xpls/abs{\_}all.jsp?arnumber=6411795},
year = {2012}
}

@article{kim2008automated,
  title={Automated and Scalable QoS Control for Network Convergence.},
  author={Kim, Wonho and Sharma, Puneet and Lee, Jeongkeun and Banerjee, Sujata and Tourrilhes, Jean and Lee, Sung-Ju and Yalagandula, Praveen},
  journal={INM/WREN},
  volume={10},
  pages={1--1},
  year={2008}
}

@inproceedings{bell2003failure,
  title={Failure to thrive: QoS and the culture of operational networking},
  author={Bell, Gregory},
  booktitle={Proceedings of the ACM SIGCOMM workshop on Revisiting IP QoS: What have we learned, why do we care?},
  pages={115--120},
  year={2003},
  organization={ACM}
}

@article{blake1998architecture,
  title={An architecture for differentiated services},
  author={Blake, Steven and Black, David and Carlson, Mark and Davies, Elwyn and Wang, Zheng and Weiss, Walter},
  year={1998},
  publisher={rfc 2475, December}
}


% ==================== CONCEITOS

@Misc{wallace,
  author =       {Wallace, Steve},
  title =        {The State of OpenFlow: Advice for Those Considering SDN},
  year =         {2013},
  month =        {05},
  note =         {Open Network Exchange Event,
                  Chicago, IL [Acessado em: 20/11/2015]},
url ={https://www.eiseverywhere.com/file_uploads/44291469faf81f8e99e0596446704da5_SDN_Chicago_SteveWallace_TheStateofOpenFlow-AdviceforThoseConsideringSDN.pdf},
}

@misc{of13spec,
  author = {ONF},
  title = {OpenFlow 1.3 Specification},
  howpublished = {\url{http://https://www.opennetworking.org/images/stories/downloads/sdn-resources/onf-specifications/openflow/openflow-spec-v1.3.0.pdf}},
  note = {[Acessado em: 20/11/2015]},
  year = {2012}
}

@misc{pox,
  author = {POX},
  title = {About POX},
  howpublished = {\url{http://www.noxrepo.org/pox/about-pox/}},
  note = {[Acessado em: 21/11/2015]},
  year = {2012}
}

@misc{floodlight,
  author = {{Big Switch Networks}},
  title = {Project Floodlight},
  howpublished = {\url{http://www.projectfloodlight.org/floodlight/}},
  note = {[Acessado em: 21/11/2015]},
  year = {2011}
}

@misc{ryu,
  author = {NTT},
  title = {Ryu SDN Framework},
  howpublished = {\url{http://osrg.github.io/ryu/}},
  note = {[Acessado em: 21/11/2015]},
  year = {2013}
}

@misc{wireshark,
  author = {Wireshark},
  title = {Wireshark OpenFlow},
  howpublished = {\url{http://wiki.wireshark.org/OpenFlow}},
  note = {[Acessado em: 21/11/2015]},
  year = {2014}
}


@mastersthesis{teseederleao,
  author       = {Eder Le√£o Fernandes}, 
  title        = {Software Switch 1.3: An Experimenter Friendly OpenFlow Implementation (Software Switch 1.3: Implementa√ß√£o de um Comutador OpenFlow para Experimenta√ß√£o em Redes Definidas por Software)},
  school       = {UNICAMP},
  year         = 2015,
  address      = {ederlf@cpqd.com.br},
  month        = 4,
  note         = {}
}

@article{feldmann2007,
  title={Internet clean-slate design: what and why?},
  author={Feldmann, Anja},
  journal={ACM SIGCOMM Computer Communication Review},
  volume={37},
  number={3},
  pages={59--64},
  year={2007},
  publisher={ACM}
}

@article{kreutz,
  title={Software-defined networking: A comprehensive survey},
  author={Kreutz, Diego and Ramos, Fernando MV and Esteves Verissimo, P and Esteve Rothenberg, Christian and Azodolmolky, Siamak and Uhlig, Steve},
  journal={proceedings of the IEEE},
  volume={103},
  number={1},
  pages={14--76},
  year={2015},
  publisher={IEEE}
}

@article{gude2008nox,
  title={NOX: towards an operating system for networks},
  author={Gude, Natasha and Koponen, Teemu and Pettit, Justin and Pfaff, Ben and Casado, Mart{\'\i}n and McKeown, Nick and Shenker, Scott},
  journal={ACM SIGCOMM Computer Communication Review},
  volume={38},
  number={3},
  pages={105--110},
  year={2008},
  publisher={ACM}
}

@inproceedings{lantz2010network,
  title={A network in a laptop: rapid prototyping for Software-Defined Networks},
  author={Lantz, Bob and Heller, Brandon and McKeown, Nick},
  booktitle={Proceedings of the 9th ACM SIGCOMM Workshop on Hot Topics in Networks},
  pages={19},
  year={2010},
  organization={ACM}
}

@inproceedings{ovs,
  title={Extending Networking into the Virtualization Layer.},
  author={Pfaff, Ben and Pettit, Justin and Amidon, Keith and Casado, Martin and Koponen, Teemu and Shenker, Scott},
  booktitle={Hotnets},
  year={2009}
}

@misc{linc,
  author = {{FlowForwarding}},
  title = {LINC-Switch},
  howpublished = {\url{https://github.com/FlowForwarding/LINC-Switch}},
  note = {[Acessado em: 21/11/2015]},
  year = {2014}
}

@misc{trema,
  author = {NEC},
  title = {Trema switch},
  howpublished = {\url{https://trema.github.io/trema/}},
  note = {[Acessado em: 21/11/2015]},
  year = {2013}
}

@misc{nbee,
  author = {Netbee},
  title = {NetBee Library},
  howpublished = {\url{http://www.nbee.org/}},
  note = {[Acessado em: 22/11/2015]},
  year = {2012}
}

@article{risso2006netpdl,
  title={NetPDL: an extensible XML-based language for packet header description},
  author={Risso, Fulvio and Baldi, Mario},
  journal={Computer Networks},
  volume={50},
  number={5},
  pages={688--706},
  year={2006},
  publisher={Elsevier}
}

@inproceedings{sonkoly2012qos,
  title={On qos support to ofelia and openflow},
  author={Sonkoly, Balazs and Gulyas, Andras and Nemeth, Felician and Czentye, Janos and Kurucz, Krisztian and Novak, Barnabas and Vaszkun, G{\'a}bor},
  booktitle={Software Defined Networking (EWSDN), 2012 European Workshop on},
  pages={109--113},
  year={2012},
  organization={IEEE}
}

@article{wallner2013sdn,
  title={An SDN approach: quality of service using big switch‚Äôs floodlight open-source controller},
  author={Wallner, Ryan and Cannistra, Robert},
  journal={Proceedings of the Asia-Pacific Advanced Network},
  volume={35},
  pages={14--19},
  year={2013}
}

@article{santana2006qualidade,
  title={Qualidade de servi{\c{c}}o (qos) em redes ip princ{\'\i}pios b{\'a}sicos, par{\^a}metros e mecanismos},
  author={Santana, Hugo},
  journal={Cursos de Telecom e Telem{\'a}tica, Universidade Santa Cec{\'\i}lia-Unisanta, Brasil},
  year={2006}
}

@article{akyildiz2014roadmap,
  title={A roadmap for traffic engineering in SDN-OpenFlow networks},
  author={Akyildiz, Ian F and Lee, Ahyoung and Wang, Pu and Luo, Min and Chou, Wu},
  journal={Computer Networks},
  volume={71},
  pages={1--30},
  year={2014},
  publisher={Elsevier}
}

@article{hu2014survey,
  title={A survey on Software-Defined Network and openFlow: from concept to implementation},
  author={Hu, Fei and Hao, Qi and Bao, Ke},
  journal={Communications Surveys \& Tutorials, IEEE},
  volume={16},
  number={4},
  pages={2181--2206},
  year={2014},
  publisher={IEEE}
}

@article{nazario2012taxonomia,
  title={Taxonomia das publica{\c{c}}{\~o}es sobre Qualidade de Contexto},
  author={Naz{\'a}rio, D{\'e}bora Cabral and Dantas, M{\'a}rio Ant{\^o}nio Ribeiro and Todesco, Jos{\'e} Leomar},
  journal={Sustainable Business International Journal},
  volume={20},
  number={2012},
  pages={1--28},
  year={2012}
}

@article{inacio2014survey,
  title={A survey into performance and energy efficiency in HPC, cloud and big data environments},
  author={Inacio, Eduardo Camilo and Dantas, Mario AR},
  journal={International Journal of Networking and Virtual Organisations},
  volume={14},
  number={4},
  pages={299--318},
  year={2014},
  publisher={Inderscience Publishers}
}

@inproceedings{flowqos,
	author = {Seddiki, M. Said and Shahbaz, Muhammad and Donovan, Sean and Grover, Sarthak and Park, Miseon and Feamster, Nick and Song, Ye-Qiong},
	title = {FlowQoS: QoS for the Rest of Us},
	booktitle = {Proceedings of the Third Workshop on Hot Topics in Software Defined Networking},
	series = {HotSDN '14},
	year = {2014},
	isbn = {978-1-4503-2989-7},
	location = {Chicago, Illinois, USA},
	pages = {207--208},
	numpages = {2},
	url = {http://doi.acm.org/10.1145/2620728.2620766},
	doi = {10.1145/2620728.2620766},
	acmid = {2620766},
	publisher = {ACM},
	address = {New York, NY, USA},
	keywords = {bandwidth management, home networks, quality of service (qos), software defined networking (sdn)},
} 


@article{iperf,
	title={Iperf: The TCP/UDP bandwidth measurement tool},
	author={Tirumala, Ajay and Qin, Feng and Dugan, Jon and Ferguson, Jim and Gibbs, Kevin},
	journal={htt p://dast. nlanr. net/Projects},
	year={2005}
}

@inproceedings{mininet,
	title={A network in a laptop: rapid prototyping for Software-Defined Networks},
	author={Lantz, Bob and Heller, Brandon and McKeown, Nick},
	booktitle={Proceedings of the 9th ACM SIGCOMM Workshop on Hot Topics in Networks},
	pages={19},
	year={2010},
	organization={ACM}
}

@inproceedings{madalena,
	title={A Managing QoE Approach for Provisioning User Experience Aware Services Using SDN},
	author={da Silva, Madalena P and Dantas, Mario AR and Gon{\c{c}}alves, Alexandre L and Pinto, Alex R},
	booktitle={Proceedings of the 11th ACM Symposium on QoS and Security for Wireless and Mobile Networks},
	pages={51--58},
	year={2015},
	organization={ACM}
}

@inproceedings{madalenaEtAl,
	title={Context Management and Distribution Architecture Using Software-Defined Networking},
	author={M. P. d. Silva and D. C. Naz√°rio and M. A. R. Dantas and A. L. Gon√ßalves and A. R. Pinto and G. Manerichi and B. Vanelli},
	booktitle={2016 IEEE 25th International Conference on Enabling Technologies: Infrastructure for Collaborative Enterprises (WETICE)},
	pages={185--190},
	year={2016},
    month={June},}
	organization={ACM}
}

@article{hughes2010second,
  title={The Second Internet},
  author={Hughes, Lawrence E},
  journal={Reinventing Computer Networking with IPv6},
  year={2010}
}

@book{Coulouris:2011,
 author = {Coulouris, George and Dollimore, Jean and Kindberg, Tim and Blair, Gordon},
 title = {Distributed Systems: Concepts and Design},
 year = {2011},
 isbn = {0132143011, 9780132143011},
 edition = {5th},
 publisher = {Addison-Wesley Publishing Company},
 address = {USA},
} 

@book{goransson2014software,
  title={Software Defined Networks: A Comprehensive Approach},
  author={Paul Goransson and Chuck Black},
  year={2014},
  publisher={Morgan Kaufmann}


@article{roadtosdn,
  title={The road to SDN: an intellectual history of programmable networks},
  author={Feamster, Nick and Rexford, Jennifer and Zegura, Ellen},
  journal={ACM SIGCOMM Computer Communication Review},
  volume={44},
  number={2},
  pages={87--98},
  year={2014},
  publisher={ACM}
}

@article{sdn,
  title={Software-defined networking},
  author={McKeown, Nick},
  journal={INFOCOM keynote talk},
  volume={17},
  number={2},
  pages={30--32},
  year={2009}
}

@article{kim2010automated,
  title={Automated and Scalable QoS Control for Network Convergence.},
  author={Kim, Wonho and Sharma, Puneet and Lee, Jeongkeun and Banerjee, Sujata and Tourrilhes, Jean and Lee, Sung-Ju and Yalagandula, Praveen},
  journal={INM/WREN},
  volume={10},
  number={1},
  pages={1--1},
  year={2010}
}

@article{computing2006architectural,
  title={An architectural blueprint for autonomic computing},
  author={Computing, Autonomic and others},
  journal={IBM White Paper},
  volume={31},
  year={2006},
  publisher={Citeseer}
}

@article{marsic2010computer,
  title={Computer networks: Performance and quality of service},
  author={Marsic, Ivan},
  journal={Rutgers University},
  volume={500},
  year={2010}
}

@book{Coulouris:2011,
 author = {Coulouris, George and Dollimore, Jean and Kindberg, Tim and Blair, Gordon},
 title = {Distributed Systems: Concepts and Design},
 year = {2011},
 isbn = {0132143011, 9780132143011},
 edition = {5th},
 publisher = {Addison-Wesley Publishing Company},
 address = {USA},
} 

@article{hughes2010second,
  title={The Second Internet},
  author={Hughes, Lawrence E},
  journal={Reinventing Computer Networking with IPv6},
  year={2010}
}

@book{comer2008computer,
  title={Computer networks and internets},
  author={Comer, Douglas E},
  year={2008},
  publisher={Prentice Hall Press}
}

@book{peterson2003computer,
  title={Computer Networks: A Systems Approach},
  author={Peterson, Larry L and Davie, Bruce S},
  year={2003},
  publisher={Morgan Kaufmann}
}

@book{tanenbaum2003redes,
  title={Redes de Computadores},
  author={Tanenbaum, Andrew S},
  year={2003},
  publisher={Pearson Education}
}

@book{lowe2016networking,
  title={Networking All-in-one for Dummies},
  author={Lowe, Doug},
  year={2016},
  publisher={John Wiley \& Sons}
}

@article{russell2013osi,
  title={OSI: The internet that wasn‚Äôt},
  author={Russell, Andrew L},
  journal={IEEE Spectrum},
  volume={30},
  year={2013}
}

@article{kurose2006redes,
  title={Redes de Computadores e a Internet},
  author={Kurose, James F and Ross, Keith W},
  journal={S{\~a}o Paulo: Person},
  pages={28},
  year={2006}
}

@book{forouzan2009comunicaccao,
  title={Data Communications and Networking},
  author={Forouzan, Behrouz A},
  year={2007},
  publisher={AMGH Editora}
}

@article{mckeown2009software,
  title={Software-Defined Networking},
  author={McKeown, Nick},
  journal={INFOCOM keynote talk},
  volume={17},
  number={2},
  pages={30--32},
  year={2009}
}

@article{mckeown2008openflow,
  title={OpenFlow: enabling innovation in Campus Networks},
  author={McKeown, Nick and Anderson, Tom and Balakrishnan, Hari and Parulkar, Guru and Peterson, Larry and Rexford, Jennifer and Shenker, Scott and Turner, Jonathan},
  journal={ACM SIGCOMM Computer Communication Review},
  volume={38},
  number={2},
  pages={69--74},
  year={2008},
  publisher={ACM}
}

@inproceedings{benson2009unraveling,
  title={Unraveling the Complexity of Network Management.},
  author={Benson, Theophilus and Akella, Aditya and Maltz, David A},
  booktitle={NSDI},
  pages={335--348},
  year={2009}
}

@article{kreutz2015software,
  title={Software-defined networking: A comprehensive survey},
  author={Kreutz, Diego and Ramos, Fernando MV and Verissimo, Paulo Esteves and Rothenberg, Christian Esteve and Azodolmolky, Siamak and Uhlig, Steve},
  journal={Proceedings of the IEEE},
  volume={103},
  number={1},
  pages={14--76},
  year={2015},
  publisher={IEEE}
}

@inproceedings{raghavan2012software,
  title={Software-defined internet architecture: decoupling architecture from infrastructure},
  author={Raghavan, Barath and Casado, Mart{\'\i}n and Koponen, Teemu and Ratnasamy, Sylvia and Ghodsi, Ali and Shenker, Scott},
  booktitle={Proceedings of the 11th ACM Workshop on Hot Topics in Networks},
  pages={43--48},
  year={2012},
  organization={ACM}
}

@inproceedings{ghodsi2011intelligent,
  title={Intelligent design enables architectural evolution},
  author={Ghodsi, Ali and Shenker, Scott and Koponen, Teemu and Singla, Ankit and Raghavan, Barath and Wilcox, James},
  booktitle={Proceedings of the 10th ACM Workshop on Hot Topics in Networks},
  pages={3},
  year={2011},
  organization={ACM}
}

@book{azodolmolky2013software,
  title={Software Defined Networking with OpenFlow},
  author={Azodolmolky, Siamak},
  year={2013},
  publisher={Packt Publishing Ltd}
}

@article{shenker2011future,
  title={The future of networking, and the past of protocols},
  author={Shenker, Scott and Casado, Martin and Koponen, Teemu and McKeown, Nick and others},
  journal={Open Networking Summit},
  volume={20},
  pages={1--30},
  year={2011}
}

@article{onf2014openflow,
  title={OpenFlow-enabled SDN and Network Functions Virtualization},
  author={ONF},
  journal={Open Networing Foundation},
  year={2014}
}

@article{ome2012software,
  title={Software-defined networking: The new norm for networks},
  author={OME Committee and others},
  journal={Open Networking Foundation},
  year={2012}
}

@inproceedings{bigswitch2017floodlight,
  title={Floodlight OpenFlow Controller - Project Floodlight},
  author={BigSwitchNetworks},
  year={2017},
  organization={Big Switch Networks}
}

@inproceedings{medved2014opendaylight,
  title={Opendaylight: Towards a model-driven sdn controller architecture},
  author={Medved, Jan and Varga, Robert and Tkacik, Anton and Gray, Ken},
  booktitle={World of Wireless, Mobile and Multimedia Networks (WoWMoM), 2014 IEEE 15th International Symposium on a},
  pages={1--6},
  year={2014},
  organization={IEEE}
}

@techreport{yang2004forwarding,
  title={Forwarding and control element separation (ForCES) framework},
  author={Yang, Lily and Dantu, Ram and Anderson, T and Gopal, Ram},
  year={2004}
}

@inproceedings{song2013protocol,
  title={Protocol-oblivious forwarding: Unleash the power of SDN through a future-proof forwarding plane},
  author={Song, Haoyu},
  booktitle={Proceedings of the second ACM SIGCOMM workshop on Hot topics in software defined networking},
  pages={127--132},
  year={2013},
  organization={ACM}
}

@techreport{rfc7047,
   author={Pfaff, Ben and Davie, Bruce},
   title={The open vSwitch database management protocol},
   HOWPUBLISHED = {Internet Requests for Comments},
   TYPE="{RFC}",
   NUMBER=7047,
   PAGES = {1-35},
   YEAR = {2013},
   MONTH = {December},
   ISSN = {2070-1721},
   PUBLISHER = "{RFC Editor}",
   INSTITUTION = "{RFC Editor}",
   URL={https://www.rfc-editor.org/rfc/rfc7047.txt}
}

@inproceedings{pfaff2015design,
  title={The Design and Implementation of Open vSwitch.},
  author={Pfaff, Ben and Pettit, Justin and Koponen, Teemu and Jackson, Ethan J and Zhou, Andy and Rajahalme, Jarno and Gross, Jesse and Wang, Alex and Stringer, Joe and Shelar, Pravin and others},
  booktitle={NSDI},
  pages={117--130},
  year={2015}
}

@article{fernandes2014openflow,
  title={OpenFlow 1.3 software switch},
  author={Fernandes, Eder Leao and Rothenberg, Christian Esteve},
  journal={Salao de Ferramentas do XXXII Simp{\'o}sio Brasileiro de Redes de Computadores e Sistemas Distribu{\i}dos SBRC},
  pages={1021--1028},
  year={2014}
}

@misc{rutkalinc,
  title={LINC Switch},
  author={Rutka, Krzysztof and Kaplita, Konrad and Narayan, Sandhya and Bailey, Stuart},
  year={2012}
}

@article{braun2014software,
  title={Software-defined networking using OpenFlow: Protocols, applications and architectural design choices},
  author={Braun, Wolfgang and Menth, Michael},
  journal={Future Internet},
  volume={6},
  number={2},
  pages={302--336},
  year={2014},
  publisher={Multidisciplinary Digital Publishing Institute}
}

@article{alkhatib2014ieee,
  title={IEEE CS},
  author={Alkhatib, Hasan and Faraboschi, Paolo and Frachtenberg, Eitan and Kasahara, Hironori and Lange, Danny and Laplante, Phil and Merchant, Arif and Milojicic, Dejan and Schwan, Karsten and Forsyth, David and others},
  journal={IEEE Computer},
  volume={2014},
  year={2014}
}

@book{guttag2013introduction,
  title={Introduction to computation and programming using Python},
  author={Guttag, John V},
  year={2013},
  publisher={Mit Press}
}

@inproceedings{bari2013policycop,
  title={PolicyCop: An autonomic QoS policy enforcement framework for software defined networks},
  author={Bari, Md Faizul and Chowdhury, Shihabur Rahman and Ahmed, Reaz and Boutaba, Raouf},
  booktitle={Future Networks and Services (SDN4FNS), 2013 IEEE SDN For},
  pages={1--7},
  year={2013},
  organization={IEEE}
}

@inproceedings{bell2003failure,
  title={Failure to thrive: QoS and the culture of operational networking},
  author={Bell, Gregory},
  booktitle={Proceedings of the ACM SIGCOMM workshop on Revisiting IP QoS: What have we learned, why do we care?},
  pages={115--120},
  year={2003},
  organization={ACM}
}

@techreport{blake1998architecture,
  title={An architecture for differentiated services},
  author={Blake, Steven and Black, David and Carlson, Mark and Davies, Elwyn and Wang, Zheng and Weiss, Walter},
  year={1998}
}

@inproceedings{egilmez2012openqos,
  title={OpenQoS: An OpenFlow controller design for multimedia delivery with end-to-end Quality of Service over Software-Defined Networks},
  author={Egilmez, Hilmi E and Dane, S Tahsin and Bagci, K Tolga and Tekalp, A Murat},
  booktitle={Signal \& Information Processing Association Annual Summit and Conference (APSIPA ASC), 2012 Asia-Pacific},
  pages={1--8},
  year={2012},
  organization={IEEE}
}

@article{nazario2012taxonomia,
  title={Taxonomia das publica{\c{c}}{\~o}es sobre Qualidade de Contexto},
  author={Naz{\'a}rio, D{\'e}bora Cabral and Dantas, M{\'a}rio Ant{\^o}nio Ribeiro and Todesco, Jos{\'e} Leomar},
  journal={SBIJOURNAL},
  number={20},
  year={2012}
}

@article{santana2006qualidade,
  title={Qualidade de servi{\c{c}}o (qos) em redes ip princ{\'\i}pios b{\'a}sicos, par{\^a}metros e mecanismos},
  author={Santana, Hugo},
  journal={Cursos de Telecom e Telem{\'a}tica, Universidade Santa Cec{\'\i}lia-Unisanta, Brasil},
  year={2006}
}

@misc{specification2013version,
  title={OpenFlow Switch Specification Version 1.3.1},
  author={ONF},
  year={2013},
  publisher={Open Networking Foundation},
  url={https://www.opennetworking.org/images/stories/downloads/sdn-resources/onf-specifications/openflow/openflow-spec-v1.3.1.pdf}
}

@misc{specification2015version,
  title={OpenFlow Switch Specification Version 1.5.1},
  author={ONF},
  year={2015},
  publisher={Open Networking Foundation},
  url={https://www.opennetworking.org/images/stories/downloads/sdn-resources/onf-specifications/openflow/openflow-switch-v1.5.0.noipr.pdf}
}

@techreport{rfc7042,
   author={D. Eastlake and J. Abley},
   title={IANA Considerations and IETF Protocol and Documentation Usage for IEEE 802 Parameters},
   HOWPUBLISHED = {Internet Requests for Comments},
   TYPE="{RFC}",
   NUMBER=7042,
   PAGES = {1-27},
   YEAR = {2013},
   MONTH = {October},
   ISSN = {2070-1721},
   PUBLISHER = "{TOOLS IETF}",
   INSTITUTION = "{TOOLS IETF}",
   URL={https://tools.ietf.org/html/rfc7042}
}

@book{smiler2015openflow,
  title={OpenFlow cookbook},
  author={Smiler, S and others},
  year={2015},
  publisher={Packt Publ.}
}

@proceedings{volpato2017qosmanagement,
  editor    = {Felipe Volpato and Madalena Pereira Da Silva and Alexandre Leopoldo Gon√ßalves and Mario Antonio Ribeiro Dantas},
  title     = {Proceedings of the 22nd {IEEE} Symposium on Computers and Communications
               {(ISCC} 2017), 03-07 July 2017, Heraklion, Crete, Greece},
  publisher = {{IEEE} Computer Society},
  year      = {2017},
  url       = {http://ieeexplore.ieee.org/xpl/mostRecentIssue.jsp?punumber=11130},
  isbn      = {0-7695-2588-1},
  timestamp = {Fri, 19 Feb 2016 12:15:14 +0100},
  biburl    = {http://dblp2.uni-trier.de/rec/bib/conf/iscc/2006},
  bibsource = {dblp computer science bibliography, http://dblp.org}
}


@proceedings{volpato2017sepsemanagement,
  editor    = {Felipe Volpato and Madalena Pereira Da Silva and Alexandre Leopoldo Gon√ßalves and Marcio Castro and Mario Antonio Ribeiro Dantas},
  title     = {Proceedings of the 30th {IEEE} International Symposium on Computer-Based Medical Systems
               {(CBMS} 2017), 22-24 June 2017, Thessaloniki, Macedonia, Greece},
  publisher = {{IEEE} Computer Society},
  year      = {2017},
  url       = {http://ieeexplore.ieee.org/xpl/mostRecentIssue.jsp?punumber=11130},
  isbn      = {978-1-4673-9036-1},
  timestamp = {Fri, 19 Feb 2016 12:15:14 +0100},
  biburl    = {http://dblp2.uni-trier.de/rec/bib/conf/iscc/2006},
  bibsource = {dblp computer science bibliography, http://dblp.org}
}


@INPROCEEDINGS{queuepusher,
author={D. Palma and J. Gon√ßalves and B. Sousa and L. Cordeiro and P. Simoes and S. Sharma and D. Staessens},
booktitle={2014 Third European Workshop on Software Defined Networks},
title={The QueuePusher: Enabling Queue Management in OpenFlow},
year={2014},
pages={125-126},
keywords={queueing theory;software defined networking;telecommunication traffic;Floodlight;OpenFlow controller;OpenFlow switches;QueuePusher;RESTful northbound interface;SDN Controller;hardware-specific configuration;ondemand resource reservation mechanism;queue management;Software-Defined Networking;traffic control queues;Conferences;Control systems;Europe;Protocols;Quality of service;Software;Standards},
doi={10.1109/EWSDN.2014.34},
ISSN={2379-0350},
month={Sept},}


@inproceedings{caba2015apis,
  title={APIs for QoS configuration in Software Defined Networks},
  author={Caba, Cosmin and Soler, Jos{\'e}},
  booktitle={Network Softwarization (NetSoft), 2015 1st IEEE Conference on},
  pages={1--5},
  year={2015},
  organization={IEEE}
}

@inproceedings{latre2008design,
  title={Design for a generic knowledge base for autonomic QoE optimization in multimedia access networks},
  author={Latr{\'e}, Steven and Simoens, Pieter and De Vleeschauwer, Bart and Van de Meerssche, Wim and De Turck, Filip and Dhoedt, Bart and Demeester, Piet and Van Den Berghe, Steven and Gilon, Edith},
  booktitle={Network Operations and Management Symposium Workshops, 2008. NOMS Workshops 2008. IEEE},
  pages={335--342},
  year={2008},
  organization={IEEE}
}


@article{pop2016adaptive,
  title={Adaptive scheduling algorithm for media-optimized traffic management in software defined networks},
  author={Pop, Florin and Dobre, Ciprian and Comaneci, Dragos and Kolodziej, Joanna},
  journal={Computing},
  volume={98},
  number={1-2},
  pages={147--168},
  year={2016},
  publisher={Springer}
}

@article{xu2015quality,
  title={Quality of service guaranteed resource management dynamically in software defined network},
  author={Xu, Chenhui and Chen, Bing and Qian, Hongyan},
  journal={Journal of Communications},
  volume={10},
  number={11},
  pages={843--850},
  year={2015}
}


@article{tuncer2015adaptive,
  title={Adaptive resource management and control in software defined networks},
  author={Tuncer, Daphne and Charalambides, Marinos and Clayman, Stuart and Pavlou, George},
  journal={IEEE Transactions on Network and Service Management},
  volume={12},
  number={1},
  pages={18--33},
  year={2015},
  publisher={IEEE}
}


@inproceedings{abhishek2016spartacus,
  title={SPArTaCuS: Service priority adaptiveness for emergency traffic in smart cities using software-defined networking},
  author={Abhishek, Rohit and Zhao, Shuai and Medhi, Deep},
  booktitle={Smart Cities Conference (ISC2), 2016 IEEE International},
  pages={1--4},
  year={2016},
  organization={IEEE}
}


@inproceedings{gomes2014architecture,
  title={An architecture for dynamic resource adjustment in VSDNs based on traffic demand},
  author={Gomes, Rafael L and Bittencourt, Luiz F and Madeira, Edmundo RM and Cerqueira, Eduardo and Gerla, Mario},
  booktitle={Global Communications Conference (GLOBECOM), 2014 IEEE},
  pages={2005--2010},
  year={2014},
  organization={IEEE}
}

@inproceedings{adami2015network,
  title={A network control application enabling Software-Defined Quality of Service},
  author={Adami, Davide and Donatini, Lisa and Giordano, Stefano and Pagano, Michele},
  booktitle={2015 IEEE International Conference on Communications (ICC)},
  pages={6074--6079},
  year={2015},
  organization={IEEE}
}

@inproceedings{assuiti2016software,
  title={A Software-Defined Network Configuration Providing Differentiated QoS to an eHealth Environment},
  author={Assuiti, Marcus and Volpato, Felipe and da Silva, Madalena Pereira and Dantas, Mario Ant{\^o}nio Ribeiro},
  booktitle={Proceedings of the International Conference on Parallel and Distributed Processing Techniques and Applications (PDPTA)},
  pages={237},
  year={2016},
  organization={}
}

@inproceedings{madalena,
	title={A Managing QoE Approach for Provisioning User Experience Aware Services Using SDN},
	author={da Silva, Madalena P and Dantas, Mario AR and Gon{\c{c}}alves, Alexandre L and Pinto, Alex R},
	booktitle={Proceedings of the 11th ACM Symposium on QoS and Security for Wireless and Mobile Networks},
	pages={51--58},
	year={2015},
	organization={ACM}
}

@inproceedings{madalenaEtAl,
	title={Context Management and Distribution Architecture Using Software-Defined Networking},
	author={M. P. d. Silva and D. C. Naz√°rio and M. A. R. Dantas and A. L. Gon√ßalves and A. R. Pinto and G. Manerichi and B. Vanelli},
	booktitle={2016 IEEE 25th International Conference on Enabling Technologies: Infrastructure for Collaborative Enterprises (WETICE)},
	pages={185--190},
	year={2016},
    month={June},}
	organization={ACM}
}

@INPROCEEDINGS{narisetty,
author={R. Narisetty and L. Dane and A. Malishevskiy and D. Gurkan and S. Bailey and S. Narayan and S. Mysore},
booktitle={2013 Second GENI Research and Educational Experiment Workshop},
title={OpenFlow Configuration Protocol: Implementation for the of Management Plane},
year={2013},
pages={66-67},
keywords={configuration management;data handling;programming;protocols;OF-Config 1.1 standard;OpenFlow configuration protocol;OpenFlow standardization;OpenFlow-enabled switches;OpenvSwitch;control plane;data separation;management plane;network resources;open networking foundation;programmability;Data models;IP networks;Libraries;Protocols;Servers;Standards;Virtual machine monitors;NETCONF;OF Configuration Point;OFCONFIG;OpenvSwitch;XEN hypervisor;YANG;YUMA.},
doi={10.1109/GREE.2013.21},
month={March},}

@inproceedings{flowqos,
	author = {Seddiki, M. Said and Shahbaz, Muhammad and Donovan, Sean and Grover, Sarthak and Park, Miseon and Feamster, Nick and Song, Ye-Qiong},
	title = {FlowQoS: QoS for the Rest of Us},
	booktitle = {Proceedings of the Third Workshop on Hot Topics in Software Defined Networking},
	series = {HotSDN '14},
	year = {2014},
	isbn = {978-1-4503-2989-7},
	location = {Chicago, Illinois, USA},
	pages = {207--208},
	numpages = {2},
	url = {http://doi.acm.org/10.1145/2620728.2620766},
	doi = {10.1145/2620728.2620766},
	acmid = {2620766},
	publisher = {ACM},
	address = {New York, NY, USA},
	keywords = {bandwidth management, home networks, quality of service (qos), software defined networking (sdn)},
} 

@book{kizza2015guide,
  title={Guide to computer network security},
  author={Kizza, Joseph Migga},
  year={2015},
  publisher={Springer}
}

@article{eastlake2008iana,
  title={IANA Considerations and IETF Protocol Usage for IEEE 802 Parameters},
  author={Eastlake, Donald and others},
  year={2008}
}

@article{baker1995requirements,
  title={Requirements for IP version 4 routers},
  author={Baker, Fred},
  year={1995}
}

@book{javvin2005network,
  title={Network Protocols Handbook},
  author={Javvin Technologies},
  year={2005},
  publisher={Javvin Technologies Inc.}
}

@article{attar2010network,
  title={Network discovery protocol lldp and lldp-med},
  author={Vahida Z. Attar and Piyush Chandwadkar},
  journal={International Journal of Computer Applications},
  isbn = {0975 ‚Äì 8887},
  volume={1},
  number={9},
  year={2010}
}

@article{tirumala2005iperf,
  title={Iperf: The TCP/UDP bandwidth measurement tool},
  author={Tirumala, Ajay and Qin, Feng and Dugan, Jon and Ferguson, Jim and Gibbs, Kevin},
  journal={htt p://dast. nlanr. net/Projects},
  year={2005}
}

@article{chen2011body,
  title={Body area networks: A survey},
  author={Chen, Min and Gonzalez, Sergio and Vasilakos, Athanasios and Cao, Huasong and Leung, Victor CM},
  journal={Mobile networks and applications},
  volume={16},
  number={2},
  pages={171--193},
  year={2011},
  publisher={Springer}
}

@book{gupta2002storage,
  title={Storage area network fundamentals},
  author={Gupta, Meeta},
  year={2002},
  publisher={Cisco Press}
}

@INPROCEEDINGS{6386649,
author={Z. He and G. Liang},
booktitle={2012 Third International Conference on Networking and Distributed Computing},
title={Research and Evaluation of Network Virtualization in Cloud Computing Environment},
year={2012},
pages={40-44},
keywords={cloud computing;computer network security;local area networks;public domain software;quality of service;virtual machines;virtualisation;Open vSwitch software QoS evaluation;Open vSwitch software performance evaluation;Open vSwitch software security evaluation;VMM;cloud computing environment;fine-grained isolation;network virtualization evaluation;virtual machines;virtual switch software;IP networks;Quality of service;Servers;Software;Switches;Virtual machining;SDN;cloud computing;open vswitch;performance evaluation},
doi={10.1109/ICNDC.2012.18},
ISSN={2165-4999},
month={Oct},}

@misc{pettit2013openstack,
  title={OpenStack: OVS Deep Dive},
  author={Pettit, Justin and Lopez, Eric},
  year={2013},
  publisher={Nov}
}

@article{leach2005universally,
  title={A universally unique identifier (uuid) urn namespace},
  author={Leach, Paul J and Mealling, Michael and Salz, Rich},
  year={2005}
}

@article{ochoa2015current,
  title={Current trends of topology discovery in OpenFlow-based software defined networks},
  author={Ochoa Aday, Leonardo and Cervell{\'o} Pastor, Cristina and Fern{\'a}ndez Fern{\'a}ndez, Adriana},
  year={2015}
}

@misc{pettit2013openstack,
  title={OpenStack: OVS Deep Dive},
  author={Pettit, Justin and Lopez, Eric},
  year={2013},
  publisher={Nov}
}


@online{codeanalyzer,
  author = {Mark Teel},
  title = {CodeAnalyzer - Multi-Platform Java Code Analyzer},
  year = 2014,
  url = {https://sourceforge.net/projects/codeanalyze-gpl/},
  urldate = {2017-07-20}
}

@INPROCEEDINGS{volpato2017qoe,
author={F. Volpato and M. P. D. Silva and A. L. Gon√ßalves and M. A. R. Dantas},
booktitle={2017 IEEE 26th International Conference on Enabling Technologies: Infrastructure for Collaborative Enterprises (WETICE)},
title={An Autonomic QoE-Aware Management Architecture for Software-Defined Networking},
year={2017},
pages={220-225},
keywords={Bandwidth;Degradation;Monitoring;Proposals;Quality of service;Switches;ANM;MAPE-K;QoE;QoS;SDN},
doi={10.1109/WETICE.2017.66},
month={June},}

@article{rec2006mean,
  title={Mean opinion score (MOS) terminology},
  author={REC, I},
  journal={International Telecommunication Union, Geneva},
  year={2006}
}

@article{volpatoproposta,
  title={Proposta de um Modelo de Abstra{\c{c}}{\~a}o da Camada de Gerenciamento de Dispositivos com {\^E}nfase em QoS e Suporte a OpenFlow},
  author={Volpato, Felipe and Castro, M{\'a}rcio and Dantas, Mario AR}
}


\end{thebibliography}